<?xml version="1.0" encoding="UTF-8"?>
<record xmlns="http://www.loc.gov/MARC21/slim" xmlns:xsi="http://www.w3.org/2001/XMLSchema-instance" xsi:schemaLocation="http://www.loc.gov/MARC21/slim http://www.loc.gov/standards/marcxml/schema/MARC21slim.xsd">
<leader>00000cam a22     Ia 4500</leader>
<controlfield tag="001">001368800</controlfield>
<controlfield tag="003">NNU</controlfield>
<controlfield tag="005">20170731162518.0</controlfield>
<controlfield tag="008">860604m19551956le       d    000 0 araod</controlfield>
<datafield tag="010" ind1=" " ind2=" ">
<subfield code="a">ne 62000090</subfield>
</datafield>
<datafield tag="035" ind1=" " ind2=" ">
<subfield code="a">(OCoLC)13683669</subfield>
<subfield code="z">(OCoLC)492438407</subfield>
</datafield>
<datafield tag="040" ind1=" " ind2=" ">
<subfield code="a">COD</subfield>
<subfield code="b">eng</subfield>
<subfield code="c">COD</subfield>
<subfield code="d">OCLCQ</subfield>
<subfield code="d">OCLCG</subfield>
<subfield code="d">DRB</subfield>
<subfield code="d">ZWZ</subfield>
<subfield code="d">OCLCQ</subfield>
<subfield code="d">OCLCA</subfield>
<subfield code="d">OCLCQ</subfield>
<subfield code="d">OCLCO</subfield>
<subfield code="d">OCLCF</subfield>
<subfield code="d">LWU</subfield>
</datafield>
<datafield tag="050" ind1=" " ind2="4">
<subfield code="a">PJ6620</subfield>
<subfield code="b">.I15 1955</subfield>
</datafield>
<datafield tag="079" ind1=" " ind2=" ">
<subfield code="a">(OCoLC)13683669</subfield>
</datafield>
<datafield tag="084" ind1=" " ind2=" ">
<subfield code="a">829.763</subfield>
<subfield code="2">njb/9</subfield>
</datafield>
<datafield tag="100" ind1="1" ind2=" ">
<subfield code="6">880-01</subfield>
<subfield code="a">Ibn Manẓūr, Muḥammad ibn Mukarram,</subfield>
<subfield code="d">1232-1311 or 1312.</subfield>
</datafield>
<datafield tag="245" ind1="1" ind2="0">
<subfield code="6">880-02</subfield>
<subfield code="a">Lisān al-ʻArab /</subfield>
<subfield code="c">l-Abi al-Faḍl Jamāl al-Dīn Muḥammad ibn Mukarram ibn Manẓūr al-Ifrīqī al-Misri.</subfield>
</datafield>
<datafield tag="260" ind1=" " ind2=" ">
<subfield code="6">880-03</subfield>
<subfield code="a">Bayrūt :</subfield>
<subfield code="b">Dār Ṣādir,</subfield>
<subfield code="c">1955-1956.</subfield>
</datafield>
<datafield tag="300" ind1=" " ind2=" ">
<subfield code="a">15 v. ;</subfield>
<subfield code="c">30 cm.</subfield>
</datafield>
<datafield tag="336" ind1=" " ind2=" ">
<subfield code="a">text</subfield>
<subfield code="b">txt</subfield>
<subfield code="2">rdacontent</subfield>
</datafield>
<datafield tag="337" ind1=" " ind2=" ">
<subfield code="a">unmediated</subfield>
<subfield code="b">n</subfield>
<subfield code="2">rdamedia</subfield>
</datafield>
<datafield tag="338" ind1=" " ind2=" ">
<subfield code="a">volume</subfield>
<subfield code="b">nc</subfield>
<subfield code="2">rdacarrier</subfield>
</datafield>
<datafield tag="500" ind1=" " ind2=" ">
<subfield code="a">Issued in 65 parts.</subfield>
</datafield>
<datafield tag="650" ind1=" " ind2="0">
<subfield code="a">Arabic language</subfield>
<subfield code="v">Dictionaries.</subfield>
</datafield>
<datafield tag="650" ind1=" " ind2="7">
<subfield code="a">Arabe (langue)</subfield>
<subfield code="x">Dictionnaires.</subfield>
<subfield code="2">ram</subfield>
</datafield>
<datafield tag="650" ind1=" " ind2="7">
<subfield code="a">Arabic language.</subfield>
<subfield code="2">fast</subfield>
<subfield code="0">(OCoLC)fst00812287</subfield>
</datafield>
<datafield tag="655" ind1=" " ind2="7">
<subfield code="a">Dictionaries.</subfield>
<subfield code="2">fast</subfield>
<subfield code="0">(OCoLC)fst01423826</subfield>
</datafield>
<datafield tag="880" ind1="1" ind2=" ">
<subfield code="6">100-01/</subfield>
<subfield code="a">ابن منظور، محمد بن مكرم,</subfield>
<subfield code="d">‭1232-1311 or 1312‬.</subfield>
</datafield>
<datafield tag="880" ind1="1" ind2="0">
<subfield code="6">245-02/</subfield>
<subfield code="a">لسان العرب /</subfield>
<subfield code="c">لابي الفضل جمال الدين محمد بن مكرم بن منظور الافريقي المصري.</subfield>
</datafield>
<datafield tag="880" ind1=" " ind2=" ">
<subfield code="6">260-03/</subfield>
<subfield code="a">بيروت :</subfield>
<subfield code="b">دار صادر،</subfield>
<subfield code="c">1955-1956.</subfield>
</datafield>
<datafield tag="OWN" ind1=" " ind2=" ">
<subfield code="a">GENERAL</subfield>
</datafield>
<datafield tag="AVA" ind1=" " ind2=" ">
<subfield code="a">NYU50</subfield>
<subfield code="b">BOBST</subfield>
<subfield code="c">1st Floor Reference</subfield>
<subfield code="d">PJ6620 .I15 Non-Circulating</subfield>
<subfield code="e">available</subfield>
<subfield code="t">Available</subfield>
<subfield code="f">15</subfield>
<subfield code="g">0</subfield>
<subfield code="h">Y</subfield>
<subfield code="i">0</subfield>
<subfield code="j">REF1</subfield>
<subfield code="k">0</subfield>
</datafield>
</record>
